@techreport{braun:inria-00074040,
    TITLE = {{An Experimental User Level Implementation of TCP}},
    AUTHOR = {Braun, Torsten and Diot, Christophe and Hoglander, Anna and Roca, Vincent},
    URL = {https://hal.inria.fr/inria-00074040},
    NUMBER = {RR-2650},
    INSTITUTION = {{INRIA}},
    YEAR = {1995},
    MONTH = Sep,
    KEYWORDS = {TCP ; USER LEVEL. HIGH PERFORMANCE ; PROTOCOL IMPLEMENTATION ; ALF ; ILP},
    PDF = {https://hal.inria.fr/inria-00074040/file/RR-2650.pdf},
    HAL_ID = {inria-00074040},
    HAL_VERSION = {v1}
}
@misc{lwip,
    title = {Design and Implementation of the lwIP TCP/IP Stack},
    author = {Dunkels, Adam},
    name = {lwIP},
    year = {2001},
    institution = {{SICS}},
    doi = {10.1.1.109.1795},
    pdf = {http://citeseerx.ist.psu.edu/viewdoc/download?doi=10.1.1.109.1795\&rep=rep1\&type=pdf},
    url = {http://citeseerx.ist.psu.edu/viewdoc/summary?doi=10.1.1.109.1795}
}
@inproceedings{jeong2014mtcp,
    title = {mTCP: a Highly Scalable User-level TCP Stack for Multicore Systems.},
    author = {Jeong, EunYoung and Woo, Shinae and Jamshed, Muhammad Asim and Jeong, Haewon and Ihm, Sunghwan and Han, Dongsu and Park, KyoungSoo},
    name = {mTCP},
    booktitle = {NSDI},
    pages = {489--502},
    year = {2014}
}
@book{edwards1995experiences,
    title = {Experiences implementing a high performance TCP in user-space},
    author = {Edwards, Aled and Muir, Steve},
    volume = {25},
    number = {4},
    year = {1995},
    publisher = {ACM}
}
@manual{tpacket,
    title = {\texttt{packet\_mmap} documentation},
    author = {Linux Kernel Development Team},
    url = {https://www.kernel.org/doc/Documentation/networking/packet_mmap.txt},
    urldate = {2018-04-05}
}
@manual{netmap,
    title = {\texttt{netmap} -- a framework for fast packet I/O},
    author = {FreeBSD Kernel Development Team},
    url = {https://www.freebsd.org/cgi/man.cgi?query=netmap},
    urldate = {2018-04-05}
}

@techreport{rfc675,
    author = {Cerf, Vinton and Dalal, Yogen, and Sunshine, Carl},
    title = {RFC 675: Specification of Internet Transmission control program},
    year = {1974},
    month = Dec,
    type = {RFC},
    number = 675,
    pages = {1-70},
    url = {https://tools.ietf.org/html/rfc675}
}
@article{cerf1974protocol,
  title={A protocol for packet network intercommunication},
  author={Cerf, Vinton and Kahn, Robert},
  journal={IEEE Transactions on communications},
  volume={22},
  number={5},
  pages={637--648},
  year={1974},
  publisher={IEEE}
}
@techreport{rfc793,
    author = {Postel, Jon and others},
    title = {RFC 793: Transmission Control Protocol},
    year = {1981},
    month = Sep,
    type = {RFC},
    number = 793,
    pages = {1-85},
    url = {https://tools.ietf.org/html/rfc793}
}
@techreport{rfc896,
    title = {Congestion control in IP/TCP internetworks},
    author = {Nagle, John},
    year = {1984},
    month = Jan,
    type = {RFC},
    number = 896,
    pages = {1-9},
    url = {https://tools.ietf.org/html/rfc896},
    urldate = {2017-11-18}
}
@techreport{rfc1122,
    title = {Requirements for Internet Hosts -- Communication Layers},
    author = {Braden, Robert},
    year = {1989},
    month = Oct,
    type = {RFC},
    number = 1122,
    pages = {1-116},
    url = {https://tools.ietf.org/html/rfc1192},
    urldate = {2018-04-03}
}
@techreport{internetchecksum,
    title = {Computing the Internet checksum},
    author = {Borman, DA and Partridge, C and Braden, RT},
    journal = {Computing},
    year = {1988},
    month = Sep,
    type = {RFC},
    number = 1071,
    pages = {1-24},
    url = {https://tools.ietf.org/html/rfc1071}
}
@techreport{rfc1323,
    title = {TCP Extensions for High Performance},
    author = {Jacobson, Van and Braden, Robert and Borman, David},
    year = {1992},
    month = May,
    type = {RFC},
    number = 1323,
    pages = {1-24},
    url = {https://tools.ietf.org/html/rfc1323}
}
@online{levelip-spec,
    author = {Niiranen, Sami},
    title = {Level-IP: A hacker's userspace TCP/IP stack},
    publisher = {GitHub},
    journal = {GitHub repository},
    url = {https://github.com/saminiir/level-ip}
}
@article{chase2001end,
    title = {End system optimizations for high-speed TCP},
    author = {Chase, Jeffrey S and Gallatin, Andrew J and Yocum, Kenneth G},
    journal = {IEEE Communications Magazine},
    volume = {39},
    number = {4},
    pages = {68--74},
    year = {2001},
    publisher = {IEEE}
}
@online{ieee-ethertype,
    title = {IEEE 802 Numbers},
    author = {Internet Assigned Numbers Authority},
    year = {2018},
    url = {https://www.iana.org/assignments/ieee-802-numbers/ieee-802-numbers.xhtml#ieee-802-numbers-1}
}
@online{linux-offload,
    title = {Segmentation Offloading in Linux documentation},
    author = {Linux Kernel Development Team},
    url = {https://www.kernel.org/doc/Documentation/networking/segmentation-offloads.txt},
    urldate = {2018-04-02}
}
@online{linux-gso,
    title = {GSO: Generic Segmentation Offload},
    author = {Xu, Herbert},
    year = {2006},
    month = June,
    url = {https://lwn.net/Articles/188489/},
    urldate = {2018-02-15}
}
@online{valgrind,
    title = {Valgrind},
    author = {Valgrindâ„¢ Developers},
    year = {2017},
    url = {http://valgrind.org},
    urldate = {2018-04-03}
}
@techreport{rfc1918,
    title = {RFC 1918: Address Allocation for Private Internets},
    author = {Groot, Geert Jan de and Rekhter, Yakov and Karrenberg, Daniel and Lear, Eliot},
    year = {1996},
    type = {RFC},
    number = 1918,
    pages = {1-9},
    url = {https://tools.ietf.org/html/rfc1918},
    urldate = {2018-04-03}
}
@article{hovav2004model,
  title={A model of Internet standards adoption: the case of IPv6},
  author={Hovav, Anat and Patnayakuni, Ravi and Schuff, David},
  journal={Information Systems Journal},
  volume={14},
  number={3},
  pages={265--294},
  year={2004},
  publisher={Wiley Online Library}
}
